@ONLINE{mobil,
    author = "Bundesamt für Statistik",
    title = "Mobilität und Verkehr",
    addendum = "(accessed: 13.12.2022)",
}

@INBOOK{congestion,
    author = "J.C. Falcocchio and H.S. Levinson",
    title = "Road Traffic Congestion: A Concise Guide",
    publisher = "Springer International Publishing",
    year      =  "2015",
    address   = "Switzerland",
    pages = "159",
}

@article{SanchGoz,
	author = "Sanchez Gonzalez, Santiago and Bedoya-Maya, Felipe and Calatayud, Agustina",
	journal = "Sustainability",
	title = "Understanding the Effect of Traffic Congestion on Accidents Using Big Data",
	year = "2021",
 }


@misc{bikeSharing,
    author = "M. Holienčinová and Z. Kádeková et al.",
    title = "Smart Solution of Traffic Congestion through Bike Sharing System in a Small City",
    year = "2020",
    publisher = "Springer Nature",
}

@article{golob,
    author = "Thomas F. Golob and Wilfred W. Recker",
    title = "Relationships Among Urban Freeway Accidents, Traffic Flow, Weather, and Lighting Conditions",
    year = "2003",
    journal = "Journal of Transportation Engineering",
}

@misc{verhalten,
    author = "Thomas Hofer",
    title = "Verkehrsverhalten der Zürcher Bevölkerung",
    addendum = "(visited: 18.12.2022)",
}

@article{zhang,
    title = "Air Pollution and Health Risks due to Vehicle Traffic",
    journal = "Science of The Total Environment",
    year = "2013",
    author = "Kai Zhang and Stuart Batterman",
}

@article{goudarzia,
    title = "Estimation of Health Effects Attributed to NO2 Exposure Using AirQ Model",
    journal = "Archives of Hygiene Sciences",
    year = "2012",
    author = "Gholamreza Goudarzia and Mohammad Javad Mohammadi et al.",
}

@misc{swissno2,
    title = "NO2 Ambient Concentrations in Switzerland",
    author = "Federal Office for the Environement FOEN",
    addendum = "(accessed: 15.12.2022)",
}


@book{eurocomm,
	author = "European Commission and Directorate-General for Mobility and Transport and Essen, H. and Fiorello, D. et al.",
	publisher = "Publications Office",
	title = "Handbook on the external costs of transport : version 2019 -- 1.1",
	year = "2020",
 }

@misc{strategie25,
    author = "Stadt Zürich",
    title = "Stadtverkehr 2025: Strategie für eine stadtverträgliche Mobilität"
}

@misc{bericht21,
    author = "Stadt Zürich",
    title = "Stadtverkehr 2025 - Bericht 2021",
    addendum = "(accessed: 15.12.2022)",
}

@MISC{carAmount,
    author = "Sicherheitsdirektion Strassenverkehrsamt Kanton Zürich",
    title = "Motorfahrzeugbestand nach Fahrzeugart",
    url = "https://www.stadt-zuerich.ch/content/dam/stzh/prd/Deutsch/Statistik/Themen/Umwelt-Verkehr/VER200T2001_Motorfahrzeugbestand-nach-Fahrzeugart.xlsx",
    addendum = "(accessed: 18.12.2022)",
}

@misc{velo2030,
    author = "Stadt Zürich",
    title = "Velostrategie 2030",
    addendum = "(accessed: 15.12.2022)",
}

@techreport{covid,
	author = "Beat Hintermann and Beaumont Schoeman and Joseph Molloy et al.",
	title = "The impact of COVID-19 on mobility choices in Switzerland",
	year = "2021",
 }

 @online{mobis,
    author = "IVT ETH Zürich and WWZ Universität Basel",
    title = "MOBIS-COVID19 Ergebnisse ab 12/12/2022 (Vierte Welle)",
    url = "https://ivtmobis.ethz.ch/mobis/covid19/reports/latest_de#MOBIS-COVID19",
    addendum = "(accessed: 15.12.2022)",
 }


@article{bikelanes,
	author = "Jaclyn S. Schaefer and Miguel A. Figliozzi and Avinash Unnikrishnan",
	journal = "Transportation Research Record",
	title = "Empirical Study of the Impacts of Bicycles on Passenger Car Speeds on Urban Roads without Bicycle Lanes",
	year = "2021",
 }

 @article{bazghandi,
    journal = "IJCSI International Journal of Computer Science Issues",
    year = "2012",
    title = "Techniques, Advantages and Problems of Agent Based Modeling for Traffic Simulation",
    author = "Ali Bazghandi"
 }

 @article{abmfortraffic,
    journal = "Courrier du Savoir",
    year = "2012",
    title = "Agent-Based Modeling for Traffic Simulation",
    author = "K. Benhamza et. al",
 }

@inproceedings{sanfran,
    author = "Zhao, Bingyu and Kumar, K. and Casey, Gerard and Soga, Kenichi",
    year = "2019",
    title = "Agent-Based Model (ABM) for City-Scale Traffic Simulation: A Case Study on San Francisco",
}

@INPROCEEDINGS{cuda,
  author={Strippgen, David and Nagel, Kai},
  booktitle={2009 International Conference on High Performance Computing \& Simulation}, 
  title={Multi-agent traffic simulation with CUDA}, 
  year={2009},
}

@article{helbl,
  title = "Congested traffic states in empirical observations and microscopic simulations",
  author = "Treiber, Martin and Hennecke, Ansgar and Helbing, Dirk",
  journal = "Phys. Rev. E",
  year = "2000",
  publisher = "American Physical Society",
}

 