@ONLINE{mobil,
    author = "Bundesamt für Statistik",
    title = "Mobilität und Verkehr",
    url  = "https://www.bfs.admin.ch/bfs/de/home/statistiken/mobilitaet-verkehr.html",
    addendum = "(accessed: 13.12.2022)",
}

@INBOOK{congestion,
    author = "J.C. Falcocchio and H.S. Levinson",
    title = "Road Traffic Congestion: A Concise Guide",
    publisher = "Springer International Publishing",
    year      =  "2015",
    address   = "Switzerland",
    pages = "159",
}

@article{SanchGoz,
	article-number = "7500",
	author = "Sanchez Gonzalez, Santiago and Bedoya-Maya, Felipe and Calatayud, Agustina",
	issn = "2071-1050",
	journal = "Sustainability",
	number = "13",
	title = "Understanding the Effect of Traffic Congestion on Accidents Using Big Data",
	url = "https://www.mdpi.com/2071-1050/13/13/7500",
	volume = "13",
	year = "2021",
	DOI = "https://doi.org/10.3390/su13137500",
 }


@article{bikeSharing,
    author = "M. Holienčinová and Z. Kádeková et al.",
    title = "Smart Solution of Traffic Congestion through Bike Sharing System in a Small City",
    year = "2020",
    publisher = "Springer Nature",
    DOI = "https://doi.org/10.1007/s11036-020-01516-4",
}

@article{golob,
    author = "Thomas F. Golob and Wilfred W. Recker",
    title = "Relationships Among Urban Freeway Accidents, Traffic Flow, Weather, and Lighting Conditions",
    year = "2003",
    volume = "129",
    issue = "4",
    journal = "Journal of Transportation Engineering",
    DOI = "https://doi.org/10.1061/(ASCE)0733-947X(2003)129:4(342)",
}

@article{verhalten,
    author = "Thomas Hofer",
    title = "Verkehrsverhalten der Zürcher Bevölkerung",
    url = "https://www.web.statistik.zh.ch/ogd/daten/ressourcen/KTZH_00000262_00001303.pdf",
    addendum = "(visited: 18.12.2022)",
}

@article{zhang,
    title = "Air Pollution and Health Risks due to Vehicle Traffic",
    journal = "Science of The Total Environment",
    volume = "250-451",
    pages = "307-316",  
    year = "2013",
    issn = "0048-9697",
    DOI = "https://doi.org/10.1016/j.scitotenv.2013.01.074",
    url = "https://www.sciencedirect.com/science/article/pii/S0048969713001290",
    author = "Kai Zhang and Stuart Batterman",
}

@article{goudarzia,
    title = "Estimation of Health Effects Attributed to NO2 Exposure Using AirQ Model",
    journal = "Archives of Hygiene Sciences",
    volume = "1",
    number = "2",
    pages = "59-66",
    year = "2012",
    url = "https://www.sid.ir/paper/332999/en",
    author = "Gholamreza Goudarzia and Mohammad Javad Mohammadi et al.",
}

@misc{swissno2,
    title = "NO2 Ambient Concentrations in Switzerland",
    author = "Federal Office for the Environement FOEN",
    url  = "https://www.bafu.admin.ch/dam/bafu/en/dokumente/luft/uw-umwelt-wissen/no2_ambient_concentrationsinswitzerland.pdf.download.pdf/no2_ambient_concentrationsinswitzerland.pdf",
    addendum = "(accessed: 15.12.2022)",
}


@book{eurocomm,
	author = "European Commission and Directorate-General for Mobility and Transport and Essen, H. and Fiorello, D. et al.",
	DOI = "https://doi.org/10.2832/51388",
	publisher = "Publications Office",
	title = "Handbook on the external costs of transport : version 2019 -- 1.1",
	year = "2020",
 }

@misc{strategie25,
    author = "Stadt Zürich",
    title = "Stadtverkehr 2025: Strategie für eine stadtverträgliche Mobilität",
    url  = "https://www.stadt-zuerich.ch/content/dam/stzh/ted/Deutsch/stadtverkehr2025/Publikationen_und_Broschueren/Strategie_Stadtverkehr.pdf",
    addendum = "(accessed: 15.12.2022)",
}

@misc{bericht21,
    author = "Stadt Zürich",
    title = "Stadtverkehr 2025 - Bericht 2021",
    url  = "https://www.stadt-zuerich.ch/content/dam/stzh/ted/Deutsch/stadtverkehr2025/Publikationen_und_Broschueren/Stadtverkehr2025_Bericht_2021.pdf",
    addendum = "(accessed: 15.12.2022)",
}

@MISC {carAmount,
    author = "Sicherheitsdirektion Strassenverkehrsamt Kanton Zürich",
    title = "Motorfahrzeugbestand nach Fahrzeugart",
    url = "https://www.stadt-zuerich.ch/content/dam/stzh/prd/Deutsch/Statistik/Themen/Umwelt-Verkehr/VER200T2001_Motorfahrzeugbestand-nach-Fahrzeugart.xlsx",
    addendum = "(accessed: 18.12.2022)",
}

@misc{velo2030,
    author = "Stadt Zürich",
    title = "Velostrategie 2030",
    url  = "https://www.stadt-zuerich.ch/content/dam/stzh/site/velo/4_die-strategien/Velostrategie%202030.pdf",
    addendum = "(accessed: 15.12.2022)",
}

@techreport{covid,
	author = "Beat Hintermann and Beaumont Schoeman and Joseph Molloy et al.",
	DOI = "https://doi.org/10.5451/unibas-ep84537",
	title = "The impact of COVID-19 on mobility choices in Switzerland",
	url = "https://edoc.unibas.ch/84537/",
	year = "2021",
 }

 @online{mobis,
    author = "IVT ETH Zürich and WWZ Universität Basel",
    title = "MOBIS-COVID19 Ergebnisse ab 12/12/2022 (Vierte Welle)",
    url = "https://ivtmobis.ethz.ch/mobis/covid19/reports/latest_de#MOBIS-COVID19",
    addendum = "(accessed: 15.12.2022)",
 }


@article{bikelanes,
	author = "Jaclyn S. Schaefer and Miguel A. Figliozzi and Avinash Unnikrishnan",
	DOI = "https://doi.org/10.1177/03611981211004122",
	journal = "Transportation Research Record",
	number = "9",
	pages = "664-674",
	title = "Empirical Study of the Impacts of Bicycles on Passenger Car Speeds on Urban Roads without Bicycle Lanes",
	volume = "2675",
	year = "2021",
 }

 @article{bazghandi,
    journal = "IJCSI International Journal of Computer Science Issues",
    volume = "9",
    %issue = "1",
    number = "3",
    year = "2012",
    pages = "115-119",
    issn = "1694-0814",
    title = "Techniques, Advantages and Problems of Agent Based Modeling for Traffic Simulation",
    author = "Ali Bazghandi"
 }

 @article{abmfortraffic,
    journal = "Courrier du Savoir",
    number = "14",
    year = "2012",
    pages = "51-56",
    title = "Agent-Based Modeling for Traffic Simulation",
    author = "K. Benhamza et. al",
    url = "http://archives.univ-biskra.dz/handle/123456789/660"
 }

@inproceedings{sanfran,
    author = "Zhao, Bingyu and Kumar, K. and Casey, Gerard and Soga, Kenichi",
    year = "2019",
    month = "01",
    pages = "203-212",
    title = "Agent-Based Model (ABM) for City-Scale Traffic Simulation: A Case Study on San Francisco",
    DOI = "https://doi.org/10.1680/icsic.64669.203",
}

@INPROCEEDINGS{cuda,
  author={Strippgen, David and Nagel, Kai},
  booktitle={2009 International Conference on High Performance Computing \& Simulation}, 
  title={Multi-agent traffic simulation with CUDA}, 
  year={2009},
  pages={106-114},
  DOI={https://doi.org/10.1109/HPCSIM.2009.5192895}
}

@article{helbl,
  title = "Congested traffic states in empirical observations and microscopic simulations",
  author = "Treiber, Martin and Hennecke, Ansgar and Helbing, Dirk",
  journal = "Phys. Rev. E",
  volume = "62",
  issue = "2",
  pages = "1805-1824",
  year = "2000",
  month = "08",
  publisher = "American Physical Society",
  DOI = "https://doi.org/10.1103/PhysRevE.62.1805",
}

 